% This file was created with Citavi 5.5.0.1

@inproceedings{Dibra.2016a,
 author = {Dibra, Endri and Jain, Himanshu and {\"O}ztireli, Cengiz and Ziegler, Remo and Gross, Markus},
 title = {HS-Nets: Estimating Human Body Shape from Silhouettes with Convolutional Neural Networks},
 pages = {108--117},
 publisher = {IEEE},
 isbn = {978-1-5090-5407-7},
 booktitle = {2016 Fourth International Conference on 3D Vision (3DV)},
 year = {2016},
 doi = {10.1109/3DV.2016.19}
}
